<record><leader>00000cas a2200000 a 4500</leader><controlfield tag="001">27160841</controlfield><controlfield tag="008">921222d18871926ncusr ne      0   a0eng d</controlfield><datafield ind1=" " ind2=" " tag="010"><subfield code="a">sn 92073232 </subfield></datafield><datafield ind1=" " ind2=" " tag="040"><subfield code="a">NVJ</subfield><subfield code="b">eng</subfield><subfield code="c">NVJ</subfield><subfield code="d">OCLCQ</subfield><subfield code="d">OCLCF</subfield><subfield code="d">OCLCO</subfield><subfield code="d">NOC</subfield><subfield code="d">DLC</subfield></datafield><datafield ind1="0" ind2=" " tag="022"><subfield code="a">2475-0611</subfield><subfield code="2">1</subfield></datafield><datafield ind1=" " ind2=" " tag="042"><subfield code="a">msc</subfield><subfield code="a">nsdp</subfield></datafield><datafield ind1=" " ind2=" " tag="043"><subfield code="a">n-us-nc</subfield></datafield><datafield ind1="0" ind2="0" tag="050"><subfield code="a">Newspaper</subfield></datafield><datafield ind1="1" ind2="0" tag="082"><subfield code="a">071</subfield><subfield code="2">23</subfield></datafield><datafield ind1="0" ind2=" " tag="130"><subfield code="a">Western sentinel (Winston-Salem, N.C. : 1887)</subfield></datafield><datafield ind1=" " ind2="4" tag="222"><subfield code="a">The Western sentinel</subfield><subfield code="b">(Winston-Salem, N.C. 1887. Print)</subfield></datafield><datafield ind1="1" ind2="4" tag="245"><subfield code="a">The western sentinel.</subfield></datafield><datafield ind1=" " ind2=" " tag="260"><subfield code="a">Winston-Salem, N.C. :</subfield><subfield code="b">Vernon W. Long</subfield></datafield><datafield ind1=" " ind2=" " tag="300"><subfield code="a">v.</subfield></datafield><datafield ind1=" " ind2=" " tag="310"><subfield code="a">Semiweekly,</subfield><subfield code="b">Oct. 22, 1907-Sept. 21, 1926</subfield></datafield><datafield ind1=" " ind2=" " tag="321"><subfield code="a">Weekly,</subfield><subfield code="b">July 28, 1887-Oct. 17, 1907</subfield></datafield><datafield ind1=" " ind2=" " tag="336"><subfield code="a">text</subfield><subfield code="b">txt</subfield><subfield code="2">rdacontent</subfield></datafield><datafield ind1=" " ind2=" " tag="337"><subfield code="a">unmediated</subfield><subfield code="b">n</subfield><subfield code="2">rdamedia</subfield></datafield><datafield ind1=" " ind2=" " tag="338"><subfield code="a">volume</subfield><subfield code="b">nc</subfield><subfield code="2">rdacarrier</subfield></datafield><datafield ind1="0" ind2=" " tag="362"><subfield code="a">Vol. 31, no. 27 (July 14, 1887)-v. 47, no. 14 (Oct. 4, 1906); 50th yr. (Oct. 11, 190[6])- 67th yr. (Sept. 21, 1926).</subfield></datafield><datafield ind1=" " ind2=" " tag="500"><subfield code="a">Absorbed by the Twin-city daily in 1890. Western sentinel continued to publish as the weekly ed. The Twin-city daily remained the daily ed., and added the word "sentinel" to its title.</subfield></datafield><datafield ind1=" " ind2=" " tag="515"><subfield code="a">Vol. numbering irregular.</subfield></datafield><datafield ind1=" " ind2=" " tag="530"><subfield code="a">Archived issues are available in digital format from the Library of Congress Chronicling America online collection.</subfield></datafield><datafield ind1=" " ind2="0" tag="651"><subfield code="a">Winston-Salem (N.C.)</subfield><subfield code="v">Newspapers.</subfield></datafield><datafield ind1=" " ind2="0" tag="651"><subfield code="a">Forsyth County (N.C.)</subfield><subfield code="v">Newspapers.</subfield></datafield><datafield ind1=" " ind2="7" tag="651"><subfield code="a">North Carolina</subfield><subfield code="z">Forsyth County.</subfield><subfield code="2">fast</subfield><subfield code="0">(OCoLC)fst01207435</subfield></datafield><datafield ind1=" " ind2="7" tag="651"><subfield code="a">North Carolina</subfield><subfield code="z">Winston-Salem.</subfield><subfield code="2">fast</subfield><subfield code="0">(OCoLC)fst01206125</subfield></datafield><datafield ind1=" " ind2="7" tag="655"><subfield code="a">Newspapers.</subfield><subfield code="2">fast</subfield><subfield code="0">(OCoLC)fst01423814</subfield></datafield><datafield ind1=" " ind2=" " tag="752"><subfield code="a">United States</subfield><subfield code="b">North Carolina</subfield><subfield code="c">Forsyth</subfield><subfield code="d">Winston-Salem.</subfield></datafield><datafield ind1="0" ind2=" " tag="775"><subfield code="t">Twin-city daily sentinel</subfield><subfield code="w">(DLC)sn 92073176</subfield><subfield code="w">(OCoLC)26457462</subfield></datafield><datafield ind1="0" ind2="8" tag="776"><subfield code="i">Online version:</subfield><subfield code="t">Western sentinel (Winston-Salem, N.C. : 1887)</subfield><subfield code="x">2475-062X</subfield><subfield code="w">(DLC)  2016271221</subfield><subfield code="w">(OCoLC)962330105</subfield></datafield><datafield ind1="0" ind2="5" tag="780"><subfield code="t">People's press (Salem, N.C.)</subfield><subfield code="w">(DLC)sn 84026491</subfield><subfield code="w">(OCoLC)10468029</subfield></datafield><datafield ind1="0" ind2="0" tag="780"><subfield code="t">Weekly sentinel (Winston-Salem, N.C.)</subfield><subfield code="x">2475-059X</subfield><subfield code="w">(DLC)sn 92073231</subfield><subfield code="w">(OCoLC)27160825</subfield></datafield><datafield ind1="1" ind2="5" tag="785"><subfield code="t">Twin-city daily</subfield><subfield code="w">(DLC)sn 93065784</subfield><subfield code="w">(OCoLC)27789470</subfield></datafield><datafield ind1="4" ind2="1" tag="856"><subfield code="u">http://chroniclingamerica.loc.gov/lccn/sn92073232/issues/</subfield></datafield><datafield ind1="1" ind2=" " tag="029"><subfield code="a">AU@</subfield><subfield code="b">000020720683</subfield></datafield></record>